% Encoding: UTF-8


@InCollection{Abedon1994,
  Title                    = {Lysis and the interaction between free phages and infected cells},
  Author                   = {Abedon, S. T.},
  Booktitle                = {Molecular biology of bacteriophage T4},
  Publisher                = {ASM Press, Washington DC},
  Year                     = {1994},
  Editor                   = {Karam, Jim D. Karam and Drake, John W. and Kreuzer, Kenneth N. and Mosig, Gisela and Hall, Dwight and Eiserling, Frederick A. and Black, Lindsay W. and Kutter, Elizabeth and Carlson, Karin and Miller, Eric S. and Spicer, Eleanor},
  Pages                    = {397--405}
}

@Misc{website:os-market,
  Title                    = {Mobile/Tablet Operating System Market Share},
  Author                   = {Net Applications},
  HowPublished             = {https://www.netmarketshare.com/operating-system-market-share.aspx?qprid=8&qpcustomd=1},
  Month                    = {July},
  Year                     = {2017},
  Url                      = {https://www.netmarketshare.com/operating-system-market-share.aspx?qprid=8&qpcustomd=1}
}

@Misc{website:kerneldevel,
  Title                    = {Linux Kernel Report},
  Author                   = {Net Applications},
  HowPublished             = {https://www.linuxfoundation.org/2017-linux-kernel-report-landing-page},
  Month                    = {July},
  Year                     = {2017},
  Url                      = {https://www.linuxfoundation.org/2017-linux-kernel-report-landing-page}
}

@Book{ldd,
  Title                    = {Linux Device Drivers},
  Author                   = {Jonathan Corbet and Alessandro Rubini and Greg Kroah-Hartman},
  Publisher                = {O'Reilly, 东南大学出版社},
  Year                     = {2005},
  Edition                  = {3rd}
}

@Book{netprogramming,
  Title                    = {UNIX网络编程(第1卷)},
  Author                   = {[美]W.Richard Stevens},
  Publisher                = {清华大学出版社},
  Year                     = {1999},
  Edition                  = {第二版}
}

@Book{apue,
  Title                    = {Advanced Programming in the UNIX Environment},
  Author                   = {Richard Stevens and Stephen A. Rago},
  Publisher                = {Addison-Wesley},
  Year                     = {2013},
  Edition                  = {3rd}
}

@Misc{website:top500,
  Title                    = {Operating System Family System Share},
  Author                   = {top500},
  HowPublished             = {http://www.top500.org/statistics/list/},
  Month                    = {May},
  Year                     = {2017},
  Url                      = {http://www.top500.org/statistics/list/}
}

@Book{latex_doc,
  title     = {LATEX : a document preparation system},
  publisher = {Addison-Wesley Pub. Co.},
  year      = {1986},
  author    = {Leslie Lamport},
  editor    = {Unknown},
  owner     = {fang},
  timestamp = {2018.09.02},
}

@Article{David_tex_land,
  author    = {Walden David},
  title     = {Travels in TeX Land: A Macro, Three Software Packages, and the Trouble with TeX},
  journal   = {The PracTeX Journal},
  year      = {2005},
  owner     = {fang},
  timestamp = {2018.09.02},
}

@Book{Knuth_texbook,
  title     = {The TeXbook},
  publisher = {Addison–Wesley},
  year      = {1986},
  author    = {Donald E. Knuth},
  editor    = {Unknown},
  owner     = {fang},
  timestamp = {2018.09.02},
}

@Manual{texmanual,
  title        = {Guide to LaTeX},
  author       = {Kopka Helmut and Daly Patrick W.},
  organization = {Addison-Wesley Professional},
  edition      = {4th},
  year         = {2003},
  isbn         = {ISBN 0-321-17385-6.},
  owner        = {fang},
  timestamp    = {2018.09.02},
}

@Book{jinpingmei,
  title     = {金瓶梅},
  publisher = {Princeton University Press},
  year      = {2011},
  author    = {兰陵笑笑生},
  isbn      = {978-0-691-15043-7},
  owner     = {fang},
  timestamp = {2018.09.05},
}

@Misc{sharelatex,
  author   = {Online LaTeX},
  title    = {Online LaTeX},
  abstract = {An online LaTeX editor that's easy to use. No installation, real-time collaboration, version control, hundreds of LaTeX templates, and more.},
  url      = {https://www.sharelatex.com},
}

@Article{rand2009,
  author  = {Justus J. Randolph},
  title   = {A Guide to Writting the Dissertation Literature Review},
  journal = {A peer-reviewed electronic journal},
  year    = {2009},
  volume  = {14},
  number  = {13},
  month   = {June},
  issn    = {1531-7714},
}

@Article{abeele2013,
  author  = {M. Abeele and R. Cook},
  title   = {Cyberbully by mobile phone among adolescents: The role of gender and peer group status},
  journal = {The European Journal of Communication Research},
  year    = {2013},
}

@Article{arntfield2015,
  author  = {M. Arntfield},
  title   = {Toward a Cybervictimology: Cyberbully, Routine Activities Theory and ther Anti-Sociality of Soclai Media},
  journal = {Canadian Journal of Communication},
  year    = {2015},
}

@Article{gara2015,
  author  = {M.Garaigordobil and V. Martinez-Valderrey},
  title   = {Effects of Cyberprogram 2.0 on 'face-to-face' Bullying, Cyberbullying, And Empathy},
  journal = {Psicothema},
  year    = {2015},
}

@Article{davis2015,
  author  = {K. Davis and D.P. Randall and A. Ambrose and M. Orand},
  title   = {I was Bullied Too: Stories of Bullying And Coping in an Online Community},
  journal = {Information, Communication \& Society},
  year    = {2015},
}

@Article{wegge2014,
  author  = {D. Wegge and H. Vandebosch and and S. Eggermont},
  title   = {Who bullies whom online: A social network analysis of cyberbullying in a school context},
  journal = {The European Journal Of Communication Research},
  year    = {2014},
}

@Article{faucher2014,
  author  = {C. Faucher and M. Jackson and W. Cassidy},
  title   = {Cyberbullying among University Students: Gendered Experiences, Impacts, and Perspectives},
  journal = {Education Research International},
  year    = {2014},
}

@Article{pieschl2013,
  author  = {S. Pieschl and T. Porsch and T. Kahl and R. Klockenbusch},
  title   = {Relevant Dimensions of Cyberbullying --- Results From Two Experimental Studies},
  journal = {Journal Of Applied Developmental Psychology},
  year    = {2013},
}

@Article{vander2009,
  author  = {H. Vanderbosch and K. Van Cleemput},
  title   = {Cyberbullying among youngsters: profiles of bullies and victims},
  journal = {New Media \& Society},
  year    = {2009},
}

@Article{slonje2008,
  author  = {R. Slonje and P.K. Smith},
  title   = {Cyberbullying: Another Main Type of Bullying?},
  journal = {Scandinavian Journal Of Psychology},
  year    = {2008},
}

@Article{beran2007,
  author  = {T. Beran and Q.Li},
  title   = {The Relationship Between cyberbullying and School Bullying},
  journal = {Journal of Student Wellbeing},
  year    = {2007},
}

@Misc{willard2004,
  author       = {Willard},
  title        = {An Educator's Guide to Cyberbullying and Cyberthreats},
  howpublished = {http://new.csriu.org/cyberbully/docs/cbcteducator.pdf},
  year         = {2004},
  url          = {http://new.csriu.org/cyberbully/docs/cbcteducator.pdf},
}

@Comment{jabref-meta: databaseType:bibtex;}
